@book{kant1999critique,
  title={Critique of Pure Reason},
  author={Kant, I. and Guyer, P. and Wood, A.W.},
  isbn={9781107268333},
  series={The Cambridge Edition of the Works of Immanuel Kant},
  url={https://books.google.com/books?id=7UCbAAAAQBAJ},
  year={1999},
  publisher={Cambridge University Press}
}
